@BOOK{Meyer88,
  KEY           = "Meyer88",
  AUTHOR        = "Bertrand Meyer",
  TITLE         = "{Object-oriented Software Construction}",
  PUBLISHER     = "Prentice-Hall International",
  YEAR          = "1988",
  SIZE          = "534",
  ANNOTE        = "This book is based on the object-oriented
                   programming language Eiffel which includes
                   interesting features. It is possible to write
                   pre- and post-conditions and invariants in
                   a way similar to in Meta-IV.",
  COMMENT       = "I have a copy of it and I have read the first part
                   of it (PGL)."}

@BOOK{Bjorner&78,
  KEY           = "Bj{\o}rner\&78",
  EDITOR        = "D. Bj{\o}rner and C.B. Jones",
  TITLE         = "{The Vienna Development Method: The Meta-Language}",
  PUBLISHER     = "Springer-Verlag",
  YEAR          = "1978",
  VOLUME        = "61",
  SERIES        = "Lecture Notes in Computer Science",
  ANNOTE        = "This was the first monograph on {\it Meta-IV}.
                   See also entries: \cite{Bjorner78c}, \cite{Bjorner78d},
                   \cite{Lucas78}, \cite{Jones78a}, \cite{Jones78c},
                   \cite{Henhapl&78}",
  COMMENT       = ""}

@ARTICLE{Fitzgerald&08c,
  KEY           = "Fitzgerald\&08",
  AUTHOR        = {J. S. Fitzgerald and P. G. Larsen and M. Verhoef},
  TITLE         = "{Vienna Development Method}",
  JOURNAL       = "Wiley Encyclopedia of Computer Science and Engineering",
  YEAR          = "2008",
  SIZE          = "11",
  NOTE          = "edited by Benjamin Wah, John Wiley \& Sons, Inc.",
  ANNOTE        = "",
  COMMENT       = "BIB PGL"}

@Article{Wing87,
  Author =   "Jeannette M. Wing",
  Title =  "Writing {Larch} Interface Language Specifications",
  Journal =  TOPLAS,
  Month =  jan,
  Year =   1987,
  Volume =   9,
  Number =   1,
  Pages =  "1-24",
  URL = {http://doi.acm.org/10.1145/9758.10500},
  Annote =   "Describes Larch interface specifications for
                  CLU. Description of the two-tiered approach. 56
                  references."
}

@BOOK{Woodcock&96,
  KEY           = "Woodcock\&96",
  AUTHOR        = "Jim Woodcock and Jim Davies",
  TITLE         = "Using Z -- Specification, Refinement, and Proof",
  PUBLISHER     = "Prentice Hall International Series in Computer Science",
  YEAR          = "1996",
  SIZE          = "385",
  ANNOTE        = "",
  COMMENT       = "I have the book PGL"}

@BOOK{SDRA,
  KEY           = "Jones80",
  AUTHOR        = "Cliff B.\ Jones",
  TITLE         = "{Software Development A Rigorous Approach}",
  PUBLISHER     = "Prentice-Hall International",
  ADDRESS       = "Englewood Cliffs, New Jersey",
  YEAR          = "1980",
  SIZE          = "383",
  ANNOTE        = "This book deals with the Vienna Development Method.
                   The dialect of Meta-IV used in this book is called
                   SDRA Meta-IV.",
  COMMENT       = "I have not yet read it and I don't have a copy of it
                   (PGL)."}
@ARTICLE{Burdy&05,
  KEY           = "Burdy\&05",
  AUTHOR        = "Lilian Burdy and Yoonsik Cheon and DavidR. Cok and
                   Michael D. Ernst and Joseph R. Kiniry and Gary T. Leavens
                   and K. Rustan M. Leino and Erik Poll",
  TITLE         = "{An overview of JML Tools and Applications}",
  JOURNAL       = "Intl. Journal of Software Tools for Technology Transfer",
  YEAR          = "2005",
  VOLUME        = "7",
  PAGES         = "212--232",
  ANNOTE        = "",
  COMMENT       = "BIB PGL"}

@ARTICLE{Larsen&10a,
  KEY           = "Larsen\&10",
  AUTHOR        = "Peter Gorm Larsen and Nick Battle and Miguel Ferreira
                   and John Fitzgerald and Kenneth Lausdahl and Marcel
                   Verhoef",
  TITLE         = "{The Overture Initiative -- Integrating Tools for VDM}",
  JOURNAL       = {SIGSOFT Softw. Eng. Notes},
  YEAR          = "2010",
  MONTH         = "January",
  VOLUME        = "35",
  NUMBER        = "1",
  PAGES         = "1--6",
  SIZE          = "6",
  ANNOTE        = "",
  numpages = {6},
  issn = {0163-5948},
  address = {New York, NY, USA},
  publisher = {ACM},
  URL     = "http://doi.acm.org/10.1145/1668862.1668864",
  doi   = {10.1145/1668862.1668864},
}

%G VDM OVERTURE TOOL
@INPROCEEDINGS{Jorgensen&14a,
  KEY           = "J\o{}rgensen\&14",
  AUTHOR        = "Peter W. V. J\o{}rgensen and Lu{\'i}s D. Couto and Morten Larsen",
  TITLE         = "{A Code Generation Platform for VDM}",
  BOOKTITLE     = "Proceedings of the 12th Overture workshop",
  YEAR          = "2014",
  MONTH         = "June",
  ANNOTE        = ""}

@TECHREPORT{Larsen&10b,
  KEY           = "Larsen\&10",
  AUTHOR        = "Peter Gorm Larsen and Kenneth Lausdahl and Nick Battle and John Fitzgerald and Sune Wolff and Shin Sahara and Marcel Verhoef and Peter W. V. Tran-J{\o}rgensen and Tomohiro Oda and Paul Chisholm",
  TITLE         = "{The VDM-10 Language Manual}",
  INSTITUTION   = "The Overture Open Source Initiative",
  YEAR          = "2010",
  MONTH         = "April",
  NUMBER        = "TR-2010-06",
  ANNOTE        = "",
  COMMENT       = "PGL"}

@TECHREPORT{Andrews&98,
  KEY           = "Andrews\&98",
  AUTHOR        = "D.J. Andrews and H. Bruun and F. Damm and J. Dawes and
                   B.S. Hansen and P.G. Larsen and G. Parkin and N. Plat and
                   H. Totenel",
  TITLE         = "{A Formal Definition of VDM-SL}",
  INSTITUTION   = "Leicester University",
  YEAR          = "1998",
  MONTH         = "June",
  NUMBER        = "1998/9",
  ANNOTE        = "",
  COMMENT       = ""}

@MANUAL{Leavens&13,
  KEY  = "Leavens\&13",
  AUTHOR = {Leavens, Gary T. and Poll, Erik and Clifton, Curtis and
                  Cheon, Yoonsik and Ruby, Clyde and Cok, David and
                  Kiniry, Joseph},
  TITLE = "{JML Reference Manual}",
  YEAR = {2013},
  MONTH = {May},
  EDITION = "Revision 2344"
}

%G VDM VDM++ JML TOOL OVERTURE
@MASTERSTHESIS{Vilhena08,
  KEY           = "Vilhena08",
  AUTHOR        = "Carlos Vilhena",
  TITLE         = "{Connecting between VDM++ and JML}",
  SCHOOL        = "{Minho University with exchange to Engineering College of Aarhus}",
  YEAR          = "2008",
  MONTH         = "July",
  ANNOTE        = "",
  COMMENT       = "I have a copy PGL"}

@ARTICLE{Jin&08,
  KEY           = "Jin\&08",
  AUTHOR        = {Dan Jin and Zongyuan Yang},
  TITLE         = "{Strategies of Modeling from VDM-SL to JML}",
  JOURNAL       = {Advanced Language Processing and Web Information
                  Technology, International Conference on},
  VOLUME        = {0},
  ISBN          = {978-0-7695-3273-8},
  YEAR          = {2008},
  PAGES         = {320-323},
  PUBLISHER     = {IEEE Computer Society},
  ADDRESS       = {Los Alamitos, CA, USA},
  COMMENT       = "BIB PGL"}

@book{Rumbaugh&04,
  key="Rumbaugh\&04",
  author = {Rumbaugh, James and Jacobson, Ivar and Booch, Grady},
  title = "{Unified Modeling Language Reference Manual, The (2nd Edition)}",
  year = {2004},
  isbn = {0321245628},
  publisher = {Pearson Higher Education}
} 

@INPROCEEDINGS{Zhou&10,
  KEY           = "Zhou\&10",
  AUTHOR        = "Jin Zhou and Dan Jin",
  TITLE         = "{Research on modeling from VDM-SL to JML for systematic
                   software development}",
  BOOKTITLE     = "Control and Decision Conference (CCDC), 2010 Chinese",
  PUBLISHER     = "IEEE",
  ADDRESS       = "Xuzhou",
  YEAR          = "2010",
  MONTH         = "July",
  PAGES         = "2312--2317",
  ANNOTE        = "",
  COMMENT       = "BIB PGL"}

@ARTICLE{Rivera&15,
  KEY="Rivera\&15",
  YEAR={2015},
  ISSN={1433-2779},
  JOURNAL={International Journal on Software Tools for Technology Transfer},
  TITLE="{Code generation for Event-B}",
  PUBLISHER={Springer Berlin Heidelberg},
  KEYWORDS={Android; Code generation; Event-B; Formal methods; Java; JML; EventB2Java; Rodin; Tokeneer},
  AUTHOR={Rivera, VÃ­ctor and Cata\~{n}o, N\'{e}stor and Wahls, Tim and Rueda, Camilo},
  PAGES={1-22},
  LANGUAGE={English}
}

@BOOK{Abrial09,
  author =   {Jean-Raymond Abrial},
  title =    {Modeling in Event-B: System and Software Engineering},
  publisher =    {Cambridge University Press},
  year =   {2010},
}

@incollection{Lensink&12,
  key="Lensink\&12",
  year={2012},
  isbn={978-3-642-28890-6},
  booktitle={NASA Formal Methods},
  volume={7226},
  series={Lecture Notes in Computer Science},
  editor={Goodloe, AlwynE. and Person, Suzette},
  doi={10.1007/978-3-642-28891-3_30},
  title="{Generating Verifiable Java Code from Verified PVS Specifications}",
  url={http://dx.doi.org/10.1007/978-3-642-28891-3_30},
  publisher={Springer Berlin Heidelberg},
  author={Lensink, Leonard and Smetsers, Sjaak and van Eekelen, Marko},
  pages={310-325},
  language={English}
}

@Article{Mueller-Poetzsch-Heffter-Leavens06,
  Author =   {Peter M\"{u}ller and Arnd Poetzsch-Heffter and Gary
                  T. Leavens},
  Title =  "{Modular Invariants for Layered Object Structures}",
  journal =    SCP,
  volume =       62,
  number =       3,
  pages =        {253-286},
  month =        oct,
  year =   2006,
  URL =          {http://dx.doi.org/10.1016/j.scico.2006.03.001}
}

@INPROCEEDINGS{Owre&92,
  KEY           = "Owre\&92",
  AUTHOR        = {{S.} Owre and {J.} {M.} Rushby and {N.} Shankar},
  TITLE         = "{{PVS:} {A} Prototype Verification System}",
  BOOKTITLE     = {11th International Conference on Automated Deduction (CADE)},
  YEAR          = {1992},
  EDITOR        = {Deepak Kapur},
  SERIES        = {Lecture Notes in Artificial Intelligence},
  VOLUME        = {607},
  PAGES         = {748--752},
  ADDRESS       = {Saratoga, {NY}},
  MONTH         = {June},
  PUBLISHER     = {Springer-Verlag},
  COMMENT       = "NA PGL"}

%G PVS JML
@TECHREPORT{Filliatre03,
  AUTHOR = {J.-C. Filli{\^a}tre},
  TITLE = {{Why: a multi-language multi-prover verification tool}},
  INSTITUTION = {{LRI, Universit\'e Paris Sud}},
  TYPE = {{Research Report}},
  NUMBER = {1366},
  MONTH = {March},
  YEAR = 2003,
  URL = {http://www.lri.fr/~filliatr/ftp/publis/why-tool.ps.gz}
}

@article{Ahrendt&05,
  key="Ahrendt\&05",
  year={2005},
  issn={1619-1366},
  journal={Software \& Systems Modeling},
  volume={4},
  number={1},
  doi={10.1007/s10270-004-0058-x},
  title="{The KeY tool}",
  url={http://dx.doi.org/10.1007/s10270-004-0058-x},
  publisher={Springer-Verlag},
  author={Ahrendt, Wolfgang and Baar, Thomas and Beckert, Bernhard and Bubel, Richard and Giese, Martin and HÃ¤hnle, Reiner and Menzel, Wolfram and Mostowski, Wojciech and Roth, Andreas and Schlager, Steffen and Schmitt, Peter H.},
  pages={32-54},
  language={English}
}

@INPROCEEDINGS{Hubbers&03a,
  key="Hubbers\&03a",
  author = {Engelbert Hubbers and Martijn Oostdijk},
  title = "{Generating JML specifications from UML state diagrams}",
  booktitle = {Forum on Specification and Design Languages FDL'03},
  year = {2003},
  pages = {263--273}
}

@book{Chen&00,
  key="Chen\&00",
  title={Java Card Technology for Smart Cards},
  author={Zhen, Zhiqun},
  year={2000},
  publisher={Prentice-Hall, Boston}
}

@INPROCEEDINGS{Klebanov&08,
  KEY          = "Klebanov\&08",
  AUTHOR       = {Klebanov, Audrey},
  TITLE        = "{Automata-Based Programming Technology Extension for Generation of JML Annotated Java Card Code}",
  YEAR         = {2008},
  PAGES        = {41--44},
  ORGANIZATION = {Proc. of the Spring/Summer Young Researchers' Colloquium on Software Engineering}}

@INPROCEEDINGS{Larsen&10c,
  KEY   = "Larsen\&10",
  AUTHOR  = "Peter Gorm Larsen and Kenneth Lausdahl and Nick Battle",
  TITLE   = "{Combinatorial Testing for VDM}",
  MONTH   = "September",
 booktitle    = {Proceedings of the 2010 8th IEEE International Conference on Software Engineering and Formal Methods},
 series     = {SEFM '10},
 year     = {2010},
 NOTE     = "{ISBN 978-0-7695-4153-2}",
 pages    = {278--285},
 numpages   = {8},
 url      = {http://dx.doi.org/10.1109/SEFM.2010.32},
 publisher  = {IEEE Computer Society},
 address    = {Washington, DC, USA},
 keywords   = {VDM, Combinatorial Testing, Shape reduction},
 doi    = {10.1109/SEFM.2010.32},
}

@BOOK{Fitzgerald&05,
  KEY           = "Fitzgerald\&05",
  AUTHOR        = "John Fitzgerald and Peter Gorm Larsen and Paul Mukherjee and
                   Nico Plat and Marcel Verhoef",
  TITLE         = "{Validated Designs for Object--oriented Systems}",
  PUBLISHER     = "Springer, New York",
  YEAR          = "2005",
  URL           = "http://overturetool.org/publications/books/vdoos/",
  ISBN          = "1-85233-881-4",
  ANNOTE        = "",
  COMMENT       = "PGL",
  doi   = {10.1007/b138800},
}

%G VDM TUTOR FORMAL
@BOOK{Fitzgerald&09,
  KEY           = "Fitzgerald\&09",
  AUTHOR        = "John Fitzgerald and Peter Gorm Larsen",
  TITLE         = "{Modelling Systems -- Practical Tools and Techniques in
                    Software Development}",
  PUBLISHER     = "Cambridge University Press",
  ADDRESS       = "The Edinburgh Building, Cambridge CB2 2RU, UK",
  YEAR          = "2009",
  EDITION       = "{Second}",
  NOTE          = "{ISBN 0-521-62348-0}",
  doi           = {10.1017/CBO9780511626975},
  ANNOTE        = "",
  COMMENT       = "I have the source PGL"}

  @MISC{VDMTools,
  KEY           = "VDMTools",
  AUTHOR        = "SCSK",
  TITLE         = "{The VDMTools website}",
  YEAR          = "2015",
  MONTH         = "",
  HOWPUBLISHED  = "\url{http://www.vdmtools.jp/en/}",
  SIZE          = "",
  NOTE          = "",
  ANNOTE        = "",
  COMMENT       = ""}

  @MISC{Overture,
  KEY           = "Overture",
  TITLE         = "{The Overture tool website}",
  YEAR          = "2015",
  MONTH         = "",
  HOWPUBLISHED  = "\url{http://overturetool.org/}",
  SIZE          = "",
  NOTE          = "",
  ANNOTE        = "",
  COMMENT       = ""}

@INPROCEEDINGS{Lausdahl&11,
  KEY           = "Lausdahl\&11",
  AUTHOR        = "Kenneth Lausdahl and Peter Gorm Larsen and Nick Battle",
  title   = "{A Deterministic Interpreter Simulating A Distributed real time system using VDM}",
  booktitle   = {Proceedings of the 13th international conference on Formal methods and software engineering},
  series    = {Lecture Notes in Computer Science},
  volume    = {6991},
  editor    = {Qin, Shengchao and Qiu, Zongyan},
  YEAR          = "2011",
  MONTH         = "October",
  note          = "{ISBN 978-3-642-24558-9}",
  location  = {Durham, UK},
  pages       = {179--194},
  numpages    = {16},
  publisher   = {Springer-Verlag},
  address   = {Berlin, Heidelberg},
  doi   = {10.1007/978-3-642-24559-6\_14},
  }

@INCOLLECTION{Cok&11,
  KEY="Cok\&11",
  TITLE="{OpenJML: JML for Java 7 by Extending OpenJDK}",
  YEAR={2011},
  ISBN={978-3-642-20397-8},
  BOOKTITLE={NASA Formal Methods},
  VOLUME={6617},
  SERIES={Lecture Notes in Computer Science},
  EDITOR={Bobaru, Mihaela and Havelund, Klaus and Holzmann, GerardJ. and Joshi, Rajeev},
  DOI={10.1007/978-3-642-20398-5_35},
  URL={http://dx.doi.org/10.1007/978-3-642-20398-5_35},
  PUBLISHER={Springer Berlin Heidelberg},
  KEYWORDS={OpenJML; JML; specification; verification; OpenJDK; ESC/Java2},
  AUTHOR={Cok, DavidR.},
  PAGES={472-479},
  LANGUAGE={English}
}

@Misc{ApacheVelocity,
  key =          "ApacheVelocity",
  title =        "{The Apache Maven Project website}",
  year =         "2016",
  month =        "",
  howpublished = "\url{https://maven.apache.org}",
  size =         "",
  note =         "",
  annote =       "",
  comment =      "",
}

@Misc{OvertureGithub,
  key =          "OvertureGithub",
  title =        "{The Overture tool Github repository}",
  year =         "2016",
  month =        "",
  howpublished = "\url{https://github.com/overturetool/overture}",
  size =         "",
  note =         "",
  annote =       "",
  comment =      "",
}

@InProceedings{McCarthy61,
  key =          "McCarthy61",
  author =       "J.\ McCarthy",
  title =        "{A Basis for a Mathematical Theory of Computation}",
  booktitle =    "{Western Joint Computer Conference}",
  year =         "1961",
  annote =       "",
}

@inproceedings{Yi&2013,
 key = "Yi\&2013",
 author = {Yi, Jooyong and Robby and Deng, Xianghua and Roychoudhury, Abhik},
 title = "{Past Expression: Encapsulating Pre-states at Post-conditions by Means of AOP}",
 booktitle = {Proceedings of the 12th Annual International Conference on Aspect-oriented Software Development},
 series = {AOSD '13},
 year = {2013},
 isbn = {978-1-4503-1766-5},
 location = {Fukuoka, Japan},
 pages = {133--144},
 numpages = {12},
 url = {http://doi.acm.org/10.1145/2451436.2451453},
 doi = {10.1145/2451436.2451453},
 publisher = {ACM},
}

@article{Cok05,
  key = "Cok\&05",
  title= "{Reasoning with specifications containing method calls and model fields.}",
  author={Cok, David R},
  journal={Journal of Object Technology},
  volume={4},
  number={8},
  pages={77--103},
  year={2005}
}

@INPROCEEDINGS{Jorgensen&16,
  KEY           = "J{\"o}rgensen\&16",
  AUTHOR        = "Peter W. V. Tran-J{\o}rgensen and Peter Gorm Larsen and Nick
                   Battle",
  TITLE         = "{Using JML-based Code Generation to Enhance Test
                    Automation for VDM Models}",
  BOOKTITLE     = "Proceedings of the 14th Overture Workshop",
  PUBLISHER     = "",
  YEAR          = "2016",
  MONTH         = "November",
  ANNOTE        = "",
  COMMENT       = ""}

%G VDM TOOL
@ARTICLE{Larsen01,
  KEY           = "Larsen01",
  AUTHOR        = "Peter Gorm Larsen",
  TITLE         = "{Ten Years of Historical Development: ``Bootstrapping'' VDMTools}",
  JOURNAL        = "Journal of Universal Computer Science",
  YEAR           = "2001",
  VOLUME         = "7",
  NUMBER         = "8",
  PAGES          = "692--709",
  ANNOTE           = "\url|http://www.jucs.org/jucs\_7\_8/ten\_years\_of\_historical|"}

