
@Article{Jorgensen&16a,
  key =          "Jorgensen\&16a",
  author =       "Peter W. V. Tran-J\o{}rgensen and Peter Gorm Larsen
                 and Gary T. Leavens",
  title =        "{Automated translation of VDM to JML annotated Java}",
  year =         "2016. Submitted to the International Journal on
                 Software Tools for Technology Transfer (STTT)",
  month =        jan,
  comment =      "",
}