
@Article{Jorgensen&16a,
  author="Tran-J{\o}rgensen, Peter W. V. and Larsen, Peter Gorm and Leavens, Gary T.",
  title="Automated translation of VDM to JML-annotated Java",
  journal="International Journal on Software Tools for Technology Transfer",
  year="2017",
  pages="1--25",
  issn="1433-2787",
  doi="10.1007/s10009-017-0448-3",
  url="http://dx.doi.org/10.1007/s10009-017-0448-3"
}

@Misc{OpenJMLWebsite,
  key =          "OpenJMLWebsite",
  title =        "{The OpenJML website}",
  year =         "2016",
  month =        "",
  howpublished = "\url{http://http://www.openjml.org}",
  size =         "",
  note =         "",
  annote =       "",
  comment =      "",
}

@TechReport{Larsen&10d,
  key =          "Larsen\&10",
  author =       "Peter Gorm Larsen and Kenneth Lausdahl and Peter W. V.
                 Tran-J{\o}rgensen and Augusto Ribeiro and Sune Wolff
                 and Nick Battle",
  title =        "{Overture VDM-10 Tool Support: User Guide}",
  institution =  "The Overture Initiative",
  address =      "www.overturetool.org",
  year =         "2010",
  month =        may,
  number =       "TR-2010-02",
  size =         "103",
  annote =       "",
  comment =      "We have the sources PGL",
}

@MISC{AllTestExamples,
KEY           = "AllTestExamples",
TITLE         = "{The test examples used to validate the JML translator using the OpenJML runtime assertion checker}",
YEAR          = "2016",
MONTH         = "",
HOWPUBLISHED  = "\url{https://github.com/overturetool/overture/tree/development/core/codegen/vdm2jml/src/test/resources/dynamic_analysis/}",
SIZE          = "",
NOTE          = "",
ANNOTE        = "",
COMMENT       = ""}
