@Misc{ CTManual,
	title = {User Manual for the Overture Combinatorial Testing Plug-in},
	key = {CTManual, 09},
	year = {2009}
	
}

@inproceedings{nunes&11,
  key = {Nunes\&2011},
  title={Automatic Generation of Graphical User Interfaces From VDM++ Specifications},
  author={Nunes, Carlos and Paiva, Ana},
  booktitle={ICSEA 2011, The Sixth International Conference on Software Engineering Advances},
  pages={399--404},
  year={2011}
}

%G
@MISC{Battle10,
  KEY           = "Battle10",
  AUTHOR        = "Nick Battle",
  TITLE         = "VDMJ Design Specification",
  YEAR          = "2010",
  MONTH         = "September",
  HOWPUBLISHED  = "Available from the Overture SourceForge repository",
  SIZE          = "59",
  NOTE          = "",
  ANNOTE        = "",
  COMMENT       = ""}

@Misc{DelegateTutorial,
  key =          "DelegateTutorial",
  title =        "{Delegate Tutorial Github project}",
  year =         "2016",
  month =        "",
  howpublished = "\url{https://github.com/ldcouto/delegate-tutorial}",
  size =         "",
  note =         "",
  annote =       "",
  comment =      "",
}